@misc{abiusx, title={PHP-RBAC}, url={http://phprbac.net/}, journal={PhpRbac.net | PHP Role Based Access Control Library}, author={PHP-RBAC}} 